@book{Hastie2009,
abstract = {A more theoretical book on the same subject as the book on statistical learning by Hastie/Tibshirani/Friedman},
author = {Hastie, Trevor and Tibshirani, Robert and Friedman, Jerome},
doi = {10.1007/b94608_4},
file = {:Users/moritzguck/ETH Studium/Master/Elements{\_}Of{\_}Statistical{\_}Learning.pdf:pdf},
isbn = {9780387848570},
title = {{The Elements of Statistical Learning}},
year = {2009},
publisher = {}
}
@article{PanJi2017,
  author    = {Pan Ji and, Tong Zhang and Hongdong Li and Mathieu Salzmann and Ian D. Reid},
  title     = {Deep Subspace Clustering Networks},
  journal   = {CoRR},
  volume    = {abs/1709.02508},
  year      = {2017},
  url       = {http://arxiv.org/abs/1709.02508},
  archivePrefix = {arXiv},
  biburl    = {https://dblp.org/rec/journals/corr/abs-1709-02508.bib},
  bibsource = {dblp computer science bibliography, https://dblp.org}
}
@article{Mariette2017,
  author    = {Jérôme Mariette, Nathalie Villa-Vialaneix},
  title     = {Unsupervised multiple kernel learning for
heterogeneous data integration},
  journal   = {Bioinformatics},
  volume    = {34(6)},
  year      = {2017}
  }
@article{Platt1999,
author = {John C. Platt},
title     = {Probabilistic Outputs for Support Vector Machines and Comparisons to Regularized Likelihood Methods},
journal   = {Advances in large margin classifiers},
volume    = {34(6)},
year      = {1999}
}