@book{Hastie2009,
abstract = {* A more theoretical book on the same subject as the book on statistical learning by Hastie/Tibshirani/Friedman},
author = {Hastie, Trevor and Tibshirani, Robert and Friedman, Jerome},
doi = {10.1007/b94608_4},
file = {:Users/moritzguck/ETH Studium/Master/Elements{\_}Of{\_}Statistical{\_}Learning.pdf:pdf},
isbn = {9780387848570},
title = {{The Elements of Statistical Learning}},
year = {2009}
}